=LDR  05589cas a2201261 a 4500
=001  012433346
=003  Uk
=005  20230426110816.0
=006  m\\\\\o\\d\\\\\\\\
=007  cr\mnu||||||||
=008  040410c19929999enkbr\p\o\\\\\0\\\a0eng\\
=FMT  \\$a  SE
=015  \\$aGBB411910$2bnb
=019  c\$a102430488
=022  \\$a1464-3650$202
=037  \\$aindcor$bOxford University Press
=037  3\$aISSN_09606491$bPortico$nOxford University Press
=040  \\$aUk$beng$cUk$dUk
=042  \\$aissnuk$aukblsr
=082  04$a658.4062$222
=130  0\$aIndustrial and corporate change (Online)
=210  0\$aInd. corp. change$b(Online)
=222  \0$aIndustrial and corporate change$b(Online)
=245  10$aIndustrial and corporate change$h[electronic resource].
=260  \\$aOxford, UK :$bOxford University Press for the Fondazione Assi
=264  31$a[Oxford] :$bfor Associazione ICC by Oxford University Press
=310  \\$aBimonthly,$b2003-
=321  \\$aQuarterly,$b1995-2002
=321  \\$aThree issues yearly,$b1992-1994
=336  \\$atext$2rdacontent
=337  \\$acomputer$2rdamedia
=338  \\$aonline resource$2rdacarrier
=362  1\$aPrint version began with vol. 1, no. 1 (1992).
=500  \\$aA journal founded by Fondazione ASSI, Milan.
=588  \\$aDescription based on print version record.
=588  \\$aLatest issue consulted: volume 23, number 1 (February 2014) (Oxford journals, viewed January 31, 2014).
=540  \\$aCurrent Copyright Fee: GBP32.00$c29\0$5Uk
=650  \0$aOrganizational change$vPeriodicals.
=650  \0$aOrganizational effectiveness$vPeriodicals.
=650  \0$aIndustrial management$vPeriodicals.
=690  7\$aManagement and Business Studies$2blcoll
=710  2\$aFondazione ASSI.
=710  2\$aAssociazione ICC (Milan, Italy)
=776  08$iAlso issued in print as:$tIndustrial and corporate change$x0960-6491
=859  \\$aELD$bejournal
=859  \\$aXLD$bejournal$jSFX
=856  \\$31850-9999$uhttp://ukcatalogue.oup.com/$xBLDSS
=856  40$uhttp://icc.oxfordjournals.org/
=852  41$aBritish Library$bHMNTS$jELD Digital store$3Volume 23:Number 1(2014:Feb.)-***Previous issues available in print copy
=852  41$aBritish Library$bDSC$j4444.973000$3mar-2000 VOL 9 PART 1-Volume 31:Issue 3(2022)***See ESTAR for full holdings.
=945  \\$aINDUSTRIAL AND CORPORATE CHANGE.
=959  \\$fCurrently available
=963  \\$aVOL. 1, 1992- *A=1$bY$cP227.C.71
=979  \\$aBritish Library$bDSC$j4444.973000
=985  \\$aCorrected by BSS-generated file for WR# 08/157
=985  \\$aCorrected by MS generated file for WR# 12.018
=A02  \\$a102430488
=CAT  \\$aCONV$b00$c20040425$lBLL90$h0713
=CAT  \\$aBATCH-UPD$b00$c20151119$lBLL01$h1553
=CAT  \\$aBATCH-UPD$b00$c20151119$lBLL01$h1554
=CAT  \\$aBATCH-UPD$b00$c20151213$lBLL01$h1327
=CAT  \\$aIPL-CLA$c20151231$lBLL01$h1918
=CAT  \\$aBATCH-UPD$b00$c20160524$lBLL01$h2209
=CAT  \\$aBATCH-UPD$b00$c20160525$lBLL01$h0013
=CAT  \\$aBATCH-UPD$b00$c20161122$lBLL01$h1516
=CAT  \\$aIPL-CLA$c20161230$lBLL01$h2113
=CAT  \\$aBATCH-UPD$b00$c20171121$lBLL01$h1659
=CAT  \\$aW1711-1005$c20171206$lBLL01$h1815
=CAT  \\$aIPL-CLA$c20171231$lBLL01$h1623
=CAT  \\$a8871$b40$c20180411$lBLL01$h0712
=CAT  \\$aBATCH-UPD$b40$c20181217$lBLL01$h1654
=CAT  \\$aIPL-CLA$c20181231$lBLL01$h1540
=CAT  \\$aW1910-0530$c20191007$lBLL01$h1114
=CAT  \\$aR1911-1518$c20191206$lBLL01$h1419
=CAT  \\$aIPL-CLA$c20191231$lBLL01$h1922
=CAT  \\$aBATCH-UPD$b00$c20220308$lBLL01$h1734
=CAT  \\$aIPL-CLA$c20220331$lBLL01$h1951
=CAT  \\$a12654$b40$c20221213$lBLL01$h1046
=CAT  \\$aS2302-1302$c20230322$lBLL01$h1708
=CAT  \\$aS2302-1302$c20230323$lBLL01$h1443
=CAT  \\$aIPL-CLA$c20230331$lBLL01$h1546
=CAT  \\$aS2304-0519$c20230412$lBLL01$h1139
=CAT  \\$aBATCH-SUPP$c20230426$lBLL01$h1108
=CFI  0\$aCurrent Copyright Fee: GBP32.00$c29\0$e01-apr-2023$fGBP32.00$g0$hP$5Uk
=CFI  2\$aPrevious copyright fee: GBP22.00$c29\0$e01-apr-2022$fGBP22.00$g0$hP$5Uk
=EST  \\$a1
=FFP  \\$aY$bBLDSS-3PM
=FIN  \\$aY
=LEO  \\$aMP10.0000630616
=LKR  \\$aPAR$b008415060$lBLL01$r776$mIndustrial and corporate change (Online)$nIndustrial and corporate change (Print)
=MNI  \\$a0960-6491
=SRC  \\$aDSS01$bbibmp10.200404.2.aa
=TCO  \\$aCLA$bCLA$c008
=TOC  \\$aETOC
=UNO  \\$aY
=ACF  \\$aPrevious copyright fee: GBP15.00$c29\0$e01-jan-2004$fGBP15.00$g0$hP$5Uk
=ACF  \\$aCurrent copyright fee: GBP10.00$c29\0$e01-apr-2002$fGBP10.00$g0$hP$5Uk
=ACF  \\$aCurrent copyright fee: GBP10.00$c0$e01-jul-2001$fGBP10.00$g0$hC$5Uk
=ACF  \\$aPrevious copyright fee: GBP16.00$c29\0$e01-jan-2006$fGBP16.00$g0$hP$5Uk
=ACF  \\$aPrevious copyright fee: GBP18.00$c29\0$e01-jan-2008$fGBP18.00$g0$hP$5Uk
=ACF  \\$aPrevious copyright fee: GBP20.00$c29\0$e01-jan-2013$fGBP20.00$g0$hP$5Uk
=ACF  \\$aPrevious copyright fee: GBP16.00$c29\0$e01-jan-2015$fGBP16.00$g0$hP$5Uk
=ACF  \\$aPrevious copyright fee: GBP17.00$c29\0$e01-jan-2016$fGBP17.00$g0$hP$5Uk
=ACF  \\$aPrevious copyright fee: GBP18.00$c29\0$e01-jan-2017$fGBP18.00$g0$hP$5Uk
=ACF  \\$aPrevious copyright fee: GBP19.00$c29\0$e01-jan-2018$fGBP19.00$g0$hP$5Uk
=ACF  \\$aPrevious copyright fee: GBP20.00$c29\0$e01-jan-2019$fGBP20.00$g0$hP$5Uk
=ACF  \\$aPrevious Copyright Fee: GBP20.00$c29\0$e01-jan-2020$fGBP20.00$g0$hP$5Uk
=LAS  \\$aBATCH-SUPP$b00$c20230426$lBLL01$h1108

