=LDR  05252cas a2201237 a 4500
=001  012434096
=003  Uk
=005  20230426110819.0
=006  m\\\\\\\\d\\\\\\\\
=007  cr\|||||||||||
=008  990409c19799999enkbr\pss\\\\\0\\\a0eng\c
=FMT  \\$a  SE
=010  \\$a2008233318
=015  \\$aGBB411966$2bnb
=016  \\$a012434096
=019  c\$a102094766
=022  0\$a1464-3774$202
=030  \\$aJPLRD9
=035  \\$a(WaSeSS)ssj0016464
=035  \\$a(WaSeSS)1ssj0016464
=035  \\$a(UK-CovUW)b20519795
=037  \\$aplankt$bOxford University Press
=037  3\$aISSN_01427873$bPortico$nOxford University Press
=038  \\$aOCoLC
=040  \\$aDeU$beng$cDeU$dOCoLC$dN@F$dOCoLC$dUV0$dGU$dStGIU$dGU$dOCoLC$dUKMGB$dOCoLC$dOCLCO$dOCoLC$dWaSeSS$dUk
=042  \\$aissnuk$aukblsr
=050  14$aQH90.8.P5
=082  0\$a578.776$223
=130  0\$aJournal of plankton research (Online)
=222  \0$aJournal of plankton research$b(Online)
=245  10$aJournal of plankton research$h[electronic resource].
=260  \\$aOxford, Eng. :$bOxford University Press
=310  \\$aBimonthly,$b2013-
=321  \\$aMonthly,$b<-2012
=336  \\$atext$2rdacontent
=337  \\$acomputer$2rdamedia
=338  \\$aonline resource$2rdacarrier
=362  1\$aPrint began in 1979.
=588  \\$aDescription based on: Vol. 18, issue 1 (Jan. 1996); title from contents screen (Oxford journals, viewed Mar. 4, 2008).
=588  \\$aLatest issue consulted: volume 36, number 1 (January/February 2014) (viewed February 3, 2014).
=540  \\$aCurrent Copyright Fee: GBP42.00$c29\0$5Uk
=650  \0$aPlankton$vPeriodicals.
=776  08$iAlso issued in print as:$tJournal of plankton research$x0142-7873
=859  \\$aELD$bejournal
=859  \\$aXLD$bejournal$jSFX
=856  \\$31850-9999$uhttp://ukcatalogue.oup.com/$xBLDSS
=856  40$uhttp://plankt.oxfordjournals.org/
=852  41$aBritish Library$bHMNTS$jELD Digital store$3Volume 36:Number 1(2014)-
=852  41$aBritish Library$bDSC$j5040.350000$3jan-2000 VOL 22 PART 1-Volume 33:Issue 12(2011)***See ESTAR for full holdings.
=945  \\$aJOURNAL OF PLANKTON RESEARCH.
=959  \\$fCurrently available
=963  \\$aCA/U-2 VOL. 1, 1979- *A=1$bY
=979  \\$aBritish Library$bDSC$j5040.350000
=A02  \\$a102094766
=CAT  \\$aCONV$b00$c20040425$lBLL90$h0713
=CAT  \\$aIPL-CLA$c20141231$lBLL01$h1650
=CAT  \\$aBATCH-UPD$b00$c20151119$lBLL01$h1551
=CAT  \\$aIPL-CLA$c20151231$lBLL01$h1918
=CAT  \\$aBATCH-UPD$b00$c20160524$lBLL01$h2209
=CAT  \\$aBATCH-UPD$b00$c20160525$lBLL01$h0014
=CAT  \\$aBATCH-016$c20160608$lBLL01$h1429
=CAT  \\$aBATCH-UPD$b00$c20161122$lBLL01$h1520
=CAT  \\$aIPL-CLA$c20161230$lBLL01$h2114
=CAT  \\$aBATCH-UPD$b00$c20171121$lBLL01$h1703
=CAT  \\$aW1711-1005$c20171206$lBLL01$h1815
=CAT  \\$aIPL-CLA$c20171231$lBLL01$h1623
=CAT  \\$aBATCH-UPD$b00$c20181217$lBLL01$h1651
=CAT  \\$aIPL-CLA$c20181231$lBLL01$h1540
=CAT  \\$aW1910-0530$c20191007$lBLL01$h1114
=CAT  \\$aR1911-1518$c20191206$lBLL01$h1405
=CAT  \\$aIPL-CLA$c20191231$lBLL01$h1922
=CAT  \\$aBATCH-UPD$b00$c20220308$lBLL01$h1727
=CAT  \\$aIPL-CLA$c20220331$lBLL01$h1951
=CAT  \\$a12654$b40$c20230223$lBLL01$h0919
=CAT  \\$a12654$b40$c20230223$lBLL01$h0921
=CAT  \\$aS2302-1302$c20230322$lBLL01$h1708
=CAT  \\$aS2302-1302$c20230323$lBLL01$h1444
=CAT  \\$aIPL-CLA$c20230331$lBLL01$h1546
=CAT  \\$aS2304-0519$c20230412$lBLL01$h1139
=CAT  \\$aBATCH-SUPP$c20230426$lBLL01$h1108
=CFI  0\$aCurrent Copyright Fee: GBP42.00$c29\0$e01-apr-2023$fGBP42.00$g0$hP$5Uk
=CFI  2\$aPrevious copyright fee: GBP32.00$c29\0$e01-apr-2022$fGBP32.00$g0$hP$5Uk
=EST  \\$a1
=FFP  \\$aY$bBLDSS-3PM
=FIN  \\$aY
=LEO  \\$aMP10.0000631366
=LKR  \\$aPAR$b010491552$lBLL01$nJournal of plankton research (Print)$mJournal of plankton research (Online)$r776
=MNI  \\$a0142-7873
=SID  \\$aZ39$bRLUK
=SRC  \\$aDSS01$bbibmp10.200404.2.aa
=TCO  \\$aCLA$bCLA$c008
=TOC  \\$aETOC
=UNO  \\$aY
=ACF  \\$aPrevious copyright fee: GBP15.00$c29\0$e01-jan-2004$fGBP15.00$g0$hP$5Uk
=ACF  \\$aCurrent copyright fee: GBP10.00$c29\0$e01-apr-2002$fGBP10.00$g0$hP$5Uk
=ACF  \\$aCurrent copyright fee: GBP10.00$c0$e01-jul-2000$fGBP10.00$g0$hC$5Uk
=ACF  \\$aPrevious copyright fee: GBP16.00$c29\0$e01-jan-2006$fGBP16.00$g0$hP$5Uk
=ACF  \\$aPrevious copyright fee: GBP18.00$c29\0$e01-jan-2008$fGBP18.00$g0$hP$5Uk
=ACF  \\$aPrevious copyright fee: GBP20.00$c29\0$e01-jan-2013$fGBP20.00$g0$hP$5Uk
=ACF  \\$aPrevious copyright fee: GBP23.00$c29\0$e01-jan-2015$fGBP23.00$g0$hP$5Uk
=ACF  \\$aPrevious copyright fee: GBP24.00$c29\0$e01-jan-2016$fGBP24.00$g0$hP$5Uk
=ACF  \\$aPrevious copyright fee: GBP26.00$c29\0$e01-jan-2017$fGBP26.00$g0$hP$5Uk
=ACF  \\$aPrevious copyright fee: GBP27.00$c29\0$e01-jan-2018$fGBP27.00$g0$hP$5Uk
=ACF  \\$aPrevious copyright fee: GBP28.00$c29\0$e01-jan-2019$fGBP28.00$g0$hP$5Uk
=ACF  \\$aPrevious Copyright Fee: GBP29.00$c29\0$e01-jan-2020$fGBP29.00$g0$hP$5Uk
=LAS  \\$aBATCH-SUPP$b00$c20230426$lBLL01$h1108

